<?xml version="1.0" encoding="UTF-8"?><collection xmlns="http://www.loc.gov/MARC21/slim"><record><leader>00325nam--2200121-i-4500</leader><controlfield tag="001">000027281</controlfield><controlfield tag="002">20161230</controlfield><controlfield tag="005">20161230201036</controlfield><controlfield tag="008">060222s1000------------r-----000-0-eng-d</controlfield><datafield ind1=" " ind2=" " tag="100"><subfield code="a">Hermans, P.H</subfield></datafield><datafield ind1=" " ind2=" " tag="245"><subfield code="a">Introduction to theoretical organic chemistry</subfield></datafield><datafield ind1=" " ind2=" " tag="260"><subfield code="a">Amsterdam, Elsevier Publ.Co., 1954. Xii + 507p</subfield></datafield><datafield ind1=" " ind2=" " tag="852"><subfield code="a">14934</subfield></datafield></record></collection>